<collection xmlns="http://www.loc.gov/MARC21/slim">
<record>
  <leader>01070nam0a2200241 i 450 </leader>
  <controlfield tag="001">IT\ICCU\CNCE\015452</controlfield>
  <controlfield tag="005">19990722000000.0</controlfield>
  <datafield tag="012" ind1=" " ind2=" ">
    <subfield code="a">I.i. aba. ijmi s.s. (S) 1587 (R)</subfield>
    <subfield code="2">fei</subfield>
  </datafield>
  <datafield tag="100" ind1=" " ind2=" ">
    <subfield code="a">19970101d1587        0itac0103    ba</subfield>
  </datafield>
  <datafield tag="101" ind1=" " ind2=" ">
    <subfield code="a">ITA</subfield>
  </datafield>
  <datafield tag="102" ind1=" " ind2=" ">
    <subfield code="a">IT</subfield>
  </datafield>
  <datafield tag="200" ind1="1" ind2=" ">
    <subfield code="a">Origine, capitoli, dichiarazioni, indulgentie, et orationi, della Compagnia del Santissimo Nome di Dio</subfield>
  </datafield>
  <datafield tag="210" ind1=" " ind2=" ">
    <subfield code="a">In Roma</subfield>
    <subfield code="c">appresso Vincentio Accolti in Borgo Nouo</subfield>
    <subfield code="d">1587</subfield>
  </datafield>
  <datafield tag="215" ind1=" " ind2=" ">
    <subfield code="a">1 foglio</subfield>
    <subfield code="d">atl</subfield>
  </datafield>
  <datafield tag="620" ind1=" " ind2=" ">
    <subfield code="a">IT</subfield>
    <subfield code="d">Roma</subfield>
  </datafield>
  <datafield tag="710" ind1="0" ind2="2">
    <subfield code="a">Confraternita del SS. Nome di Dio</subfield>
    <subfield code="3">3934</subfield>
  </datafield>
  <datafield tag="712" ind1="0" ind2="0">
    <subfield code="a">Accolti, Vincenzo</subfield>
    <subfield code="3">IT\ICCU\CNCT\000270</subfield>
    <subfield code="4">650</subfield>
  </datafield>
  <datafield tag="791" ind1="0" ind2="2">
    <subfield code="a">Compagnia e Confraternita del SS. Nome di Dio</subfield>
    <subfield code="3">IT\ICCU\CNCT\004307</subfield>
    <subfield code="z">Confraternita del SS. Nome di Dio</subfield>
  </datafield>
  <datafield tag="791" ind1="0" ind2="2">
    <subfield code="a">Confraternitas Nominis Dei</subfield>
    <subfield code="3">IT\ICCU\CNCT\004308</subfield>
    <subfield code="z">Confraternita del SS. Nome di Dio</subfield>
  </datafield>
  <datafield tag="791" ind1="0" ind2="0">
    <subfield code="a">Accoltus, Vincentius</subfield>
    <subfield code="3">IT\ICCU\CNCT\004218</subfield>
    <subfield code="z">Accolti, Vincenzo</subfield>
  </datafield>
  <datafield tag="791" ind1="0" ind2="2">
    <subfield code="a">℗in aedibus ℗Accoltianis</subfield>
    <subfield code="3">IT\ICCU\CNCT\004273</subfield>
    <subfield code="z">Accolti, Vincenzo</subfield>
  </datafield>
  <datafield tag="801" ind1=" " ind2="3">
    <subfield code="a">IT</subfield>
    <subfield code="b">ICCU</subfield>
    <subfield code="c">20201114</subfield>
  </datafield>
  <datafield tag="899" ind1=" " ind2=" ">
    <subfield code="a">Biblioteca Vallicelliana. Roma</subfield>
    <subfield code="1">RM0281</subfield>
    <subfield code="2">RML 08</subfield>
  </datafield>
</record>
</collection>
